@misc{r,
	author       = {{The R Foundation}},
	title        = {{The R Project for Statistical Computing}},
	howpublished = {\url{https://www.r-project.org/}},
	year         = {2020}
}

@misc{github,
	author       = {{Oscar Alejandro Hernadez Lopez}},
	title        = {{Probability in R}},
	howpublished = {\url{https://github.com/oscaralejandro1907/probability-in-R/blob/master/assignment1/t1.R}},
	year         = {2020}
}

@misc{jeffrey2020,
	author= {Schnipper, Jeffrey L. and Sax, Paul E. },
	year  = {2020},
	title = {Covid-19 test accuracy supplement: {T}he math of {B}ayes' Theorem},
	note  = {\url{https://www.statnews.com/2020/08/20/covid-19-test-accuracy-supplement-the-math-of-bayes-theorem/}, 
	Last accessed on 2020-10-24},
}

@misc{lewis2020,
	author= { Lewis, Michael A.},
	year  = {2020},
	title = {Bayes' theorem and Covid-19 testing},
	note  = {\url{http://web.archive.org/web/20201005040306/https://www.significancemagazine.com/science/660-bayes-theorem-and-covid-19-testing}, 
	Last accessed on 2020-10-24},
}

@misc{archit2020,
	author= {Archit Ranjan},
	year  = {2020},
	title = {{COVID}-19, {B}ayes' theorem and taking probabilistic decisions},
	note  = {\url{https://towardsdatascience.com/covid-19-bayes-theorem-and-taking-data-driven-decisions-part-1-b61e2c2b3bea}, 
	Last accessed on 2020-10-24},
}

@misc{good2020,
	author= {Good, Chester B. and  Hernandez, Inmaculada and Smith, Kenneth},
	year  = {2020},
	title = {Interpreting COVID-19 Test Results: a Bayesian Approach},
	note  = {\url{https://www.ncbi.nlm.nih.gov/pmc/articles/PMC7269418/}, 
	Last accessed on 2020-10-24},
}

@misc{chan2020,
	author= {Gar Ming Chan},
	year  = {2020},
	title = {Bayes' theorem, COVID19, and screening tests},
	note  = {\url{https://www.ncbi.nlm.nih.gov/pmc/articles/PMC7315940/}, 
	Last accessed on 2020-10-24},
}


@misc{karlis2020,
	author= {Nicole Karlis},
	year  = {2020},
	title = {{US} may have already failed to contain {COVID}-19, experts say},
	note  = {\url{http://web.archive.org/web/20201005025223/https://www.salon.com/2020/03/12/us-may-have-already-failed-to-contain-covid-19-outbreak-experts-say/}, 
	Last accessed on 2020-10-25},
}

@misc{bello2020,
	author= {Miriam Bello},
	year  = {2020},
	title = {{T}he {A}ccuracy of {COVID}-19 {T}ests},
	note  = {\url{https://mexicobusiness.news/health/news/accuracy-covid-19-tests}, 
	Last accessed on 2020-10-26},
}

@misc{github_mx,
	author       = {{Mario Romero}},
	title        = {{COVID-19 Time Series}},
	howpublished = {\url{https://github.com/mariorz/covid19-mx-time-series/tree/master/data}},
	year         = {2020}
}

@misc{serendipia,
	author       = {{Serendipia. Periodismo de datos}},
	title        = {{Datos abiertos sobre casos de Coronavirus COVID-19 en M\'exico}},
	howpublished = {\url{https://serendipia.digital/2020/03/datos-abiertos-sobre-casos-de-coronavirus-covid-19-en-mexico/}},
	year         = {2020}
}


@misc{khun2020,
	author= {Max Kuhn},
	year  = {2020},
	title = {Calculate sensitivity, specificity and predictive values},
	note  = {\url{https://rdrr.io/cran/caret/man/sensitivity.html}, 
	Last accessed on 2020-10-26},
}

