@misc{gutenberg,
	author= {Hart, Michael},
	year  = {1971},
	title = {Project {G}utenberg},
	note  = {\url{http://www.gutenberg.org/ebooks/}, 
	Last accessed on 2020-09-09},
}

@misc{r,
	author       = {{The R Foundation}},
	title        = {{The R Project for Statistical Computing}},
	howpublished = {\url{https://www.r-project.org/}},
	year         = {2020}
}

@misc{github,
	author       = {{Hernandez, Oscar}},
	title        = {{Probability in R}},
	howpublished = {\url{https://github.com/oscaralejandro1907/probability-in-R/blob/master/assignment1/t1.R}},
	year         = {2020}
}