@misc{inegi_data,
	author= {INEGI},
	year  = {2020},
	title = {Datos},
	note  = {\url{https://www.inegi.org.mx/temas/igae/}, 
	Last accessed on 2020-09-05},
}


@misc{r,
	author       = {{The R Foundation}},
	title        = {{The R Project for Statistical Computing}},
	howpublished = {\url{https://www.r-project.org/}},
	year         = {2020}
}

@misc{github,
	author       = {{Oscar Alejandro Hernadez Lopez}},
	title        = {{Probability in R}},
	howpublished = {\url{https://github.com/oscaralejandro1907/probability-in-R/blob/master/assignment1/t1.R}},
	year         = {2020}
}

@misc{mvs,
	author= {Eduardo Torreblanca},
	year  = {2016},
	title = {?`{E}n qu\'e consiste el {IGAE}?},
	note  = {\url{https://mvsnoticias.com/noticias/economia/opinion-en-que-consiste-el-igae-610/}, 
	Last accessed on 2020-09-05},
}

@misc{calculo_igae,
	author= {Instituto Nacional de Estadi\'istica y Geograf\'ia},
	year  = {2017},
	title = {Sistema de Cuentas Nacionales de {M}\'exico. {F}uentes y metodolog\'ias. A\~{n}o base 2013. {I}ndicador {G}lobal de la {A}ctividad {E}con\'omica},
	note  = {\url{https://www.inegi.org.mx/contenidos/programas/igae/2013/metodologias/SCNM_Metodo_IGAE_B2013.pdf}, 
	Last accessed on 2020-09-05},
}