@book{aldrich1984linear,
	title={Linear probability, logit, and probit models},
	author={Aldrich, John H and Nelson, Forrest D},
	number={45},
	year={1984},
	publisher={Sage}
}

@article{altman1995statistics,
	title={Statistics notes: Absence of evidence is not evidence of absence},
	author={Altman, Douglas G and Bland, J Martin},
	journal={Bmj},
	volume={311},
	number={7003},
	pages={485},
	year={1995},
	publisher={British Medical Journal Publishing Group}
}

@article{camilli1978applicability,
	title={Applicability of chi-square to 2$\times$ 2 contingency tables with small expected cell frequencies.},
	author={Camilli, Gregory and Hopkins, Kenneth D},
	journal={Psychological Bulletin},
	volume={85},
	number={1},
	pages={163},
	year={1978},
	publisher={American Psychological Association}
}

@article{charles1997introduction,
	title={Introduction to probability},
	author={Charles, M and Grinstead, J and Snell, L},
	journal={American Mathematical Society},
	year={1997}
}

@article{cleary1982estimation,
	title={The estimation and interpretation of modifier effects},
	author={Cleary, Paul D and Kessler, Ronald C},
	journal={Journal of Health and Social Behavior},
	pages={159--169},
	year={1982},
	publisher={JSTOR}
}

@misc{github,
	author       = {Hernandez Lopez, Oscar Alejandro },
	title        = {{Probability in R}},
	howpublished = {https://rb.gy/ftnyhp},
	year         = {2020}
}

@article{hanck2019introduction,
	title={Introduction to Econometrics with R},
	author={Hanck, Christoph and Arnold, Martin and Gerber, Alexander and Schmelzer, Martin},
	journal={Obtenido de https://www. econometrics-with-r. org/ITER. pdf},
	year={2019}
}

@thesis{hernandez2020study,
	title={Study of {M}ixed {I}nteger {P}rogramming {M}odels for the {C}oncrete {D}elivery {P}roblem},
	author={Hern{\'a}ndez L{\'o}pez, Oscar Alejandro},
	year={2020},
	school={Universidad Aut{\'o}noma de Nuevo Le{\'o}n}
}

@article{holm2015comparing,
	title={Comparing linear probability model coefficients across groups},
	author={Holm, Anders and Ejrn{\ae}s, Mette and Karlson, Kristian},
	journal={Quality \& Quantity},
	volume={49},
	number={5},
	pages={1823--1834},
	year={2015},
	publisher={Springer}
}

@article{ilakovac2009statistical,
	title={Statistical hypothesis testing and some pitfalls},
	author={Ilakovac, Vesna and others},
	journal={Biochemia Medica},
	volume={19},
	number={1},
	pages={10--16},
	year={2009},
	publisher={Croatian Society of Medical Biochemistry and Laboratory Medicine}
}

@misc{kinable2013dataset,
	author= {Kinable, Joris and Wauters, Tony},
	year  = {2013},
	title = {{CDPLib}},
	note  = {\url{https://sites.google.com/site/cdplib/}, 
	Last accessed on 2019-03-10},
}

@article{kinable2014concrete,
	title={The concrete delivery problem},
	author={Kinable, Joris and Wauters, Tony and Berghe, G Vanden},
	journal={Computers \& Operations Research},
	volume={48},
	pages={53--68},
	year={2014},
	publisher={Elsevier}
}

@book{myers1990classical,
	title={Classical and modern regression with applications},
	author={Myers, Raymond H and Myers, Raymond H},
	volume={2},
	year={1990},
	publisher={Duxbury press Belmont, CA}
}

@article{napierala2012bonferroni,
	title={What is the Bonferroni correction},
	author={Napierala, Matthew A},
	journal={AAOS Now},
	volume={6},
	number={4},
	pages={40},
	year={2012}
}

@misc{r,
	author       = {{The R Foundation}},
	title        = {{The R Project for Statistical Computing}},
	howpublished = {\url{https://www.r-project.org/}},
	year         = {2020}
}

@article{shan2017fisher,
	title={Fisherâ€™s exact approach for post hoc analysis of a chi-squared test},
	author={Shan, Guogen and Gerstenberger, Shawn},
	journal={PloS one},
	volume={12},
	number={12},
	pages={e0188709},
	year={2017},
	publisher={Public Library of Science San Francisco, CA USA}
}

@article{whitley2002statistics,
	title={Statistics review 6: Nonparametric methods},
	author={Whitley, Elise and Ball, Jonathan},
	journal={Critical care},
	volume={6},
	number={6},
	pages={509},
	year={2002},
	publisher={Springer}
}

@article{zibran2007chi,
	title={Chi-squared test of independence},
	author={Zibran, Minhaz Fahim},
	journal={Department of Computer Science, University of Calgary, Alberta, Canada},
	year={2007}
}