@misc{gutenberg,
	author= {Hart, Michael},
	year  = 1971,
	title = {Project {G}utenberg},
	note  = {\url{http://www.gutenberg.org/ebooks/}, 
	Last accessed on 2020-09-09},
}

@book{franklin2007autobiography,
	title={The Autobiography of Benjamin Franklin: 1706-1757},
	author={Franklin, Benjamin},
	volume={1},
	year=2007
	publisher={Regnery Publishing}
}

@misc{r,
	author       = {The R Foundation},
	title        = {{The R Project for Statistical Computing}},
	howpublished = {\url{https://www.r-project.org/}},
	year   = 2020
}

@misc{github,
	author       = {Hernandez, Oscar},
	title        = {Probability in {R}},
	howpublished = {\url{https://github.com/oscaralejandro1907/probability-in-R/blob/master/assignment1/t1.R}},
	year  = 2020
}

@article{massey1951kolmogorov,
	title={The {K}olmogorov-{S}mirnov test for goodness of fit},
	author={Massey Jr, Frank J},
	journal={Journal of the American statistical Association},
	volume={46},
	number={253},
	pages={68--78},
	year={1951},
	publisher={Taylor \& Francis}
}