@misc{joaquin2020,
	author= {Joaqu\'in Amat Rodrigo},
	year  = {2020},
	title = {Ajuste de distribuciones con {R}},
	note  = {\url{https://www.cienciadedatos.net/documentos/55_ajuste_distribuciones_con_r.html}, 
	Last accessed on 2020-10-15},
}


@misc{r,
	author       = {{The R Foundation}},
	title        = {{The R Project for Statistical Computing}},
	howpublished = {\url{https://www.r-project.org/}},
	year         = {2020}
}

@misc{github,
	author       = {{Oscar Alejandro Hernadez Lopez}},
	title        = {{Probability in R}},
	howpublished = {\url{https://github.com/oscaralejandro1907/probability-in-R/blob/master/assignment1/t1.R}},
	year         = {2020}
}


@misc{selva2016,
	author= {Selva Prabhakaran},
	year  = {2016},
	title = {Linear Regression},
	note  = {\url{http://r-statistics.co/Linear-Regression.html}, 
	Last accessed on 2020-10-17},
}

@misc{kassambara2018,
	author= {Alboukadel Kassambara},
	year  = {2018},
	title = {Multiple Linear Regression in {R}},
	note  = {\url{http://www.sthda.com/english/articles/40-regression-analysis/168-multiple-linear-regression-in-r/}, 
	Last accessed on 2020-10-17},
}

@article{box1964analysis,
	title={An analysis of transformations},
	author={Box, George EP and Cox, David R},
	journal={Journal of the Royal Statistical Society: Series B (Methodological)},
	volume={26},
	number={2},
	pages={211--243},
	year={1964},
	publisher={Wiley Online Library}
}

@book{lane2003introduction,
	title={Introduction to statistics},
	author={Lane, David and Scott, David and Hebl, Mikki and Guerra, Rudy and Osherson, Dan and Zimmer, Heidi},
	year={2003},
	publisher={David Lane}
}

@misc{kassambara2018stepwise,
	author= {Alboukadel Kassambara},
	year  = {2018},
	title = {Stepwise Regression Essentials in {R}},
	note  = {\url{http://www.sthda.com/english/articles/37-model-selection-essentials-in-r/154-stepwise-regression-essentials-in-r/}, 
	Last accessed on 2020-10-17},
}

@article{MATHEW198930,
	title = "MANOVA in the multivariate components of variance model",
	journal = "Journal of Multivariate Analysis",
	volume = "29",
	number = "1",
	pages = "30 - 38",
	year = "1989",
	issn = "0047-259X",
	doi = "https://doi.org/10.1016/0047-259X(89)90074-2",
	url = "http://www.sciencedirect.com/science/article/pii/0047259X89900742",
	author = "Thomas Mathew",
	keywords = "multivariate components of variance, MANOVA, partial MANOVA, minimal sufficiency, completeness, balanced models, exchangeability",
	abstract = "Conditions are obtained for the multivariate components of variance model to admit a multivariate analysis of variance (MANOVA). MANOVA in this setup is defined as a partition of the sum of squares and sum of products matrix into independent Wishart matrices. A minimal sufficient statistic is exhibited using the terms in the MANOVA and its completeness is discussed. The results are illustrated using examples."
}

@book{tukey1977exploratory,
	title={Exploratory data analysis},
	author={Tukey, John W},
	volume={2},
	year={1977},
	publisher={Reading, MA}
}
