@book{grinstead2012introduction,
	title={Introduction to probability},
	author={Grinstead, Charles Miller and Snell, James Laurie},
	year={2012},
	publisher={American Mathematical Soc.}
}

@misc{r,
	author       = {{The R Foundation}},
	title        = {{The R Project for Statistical Computing}},
	howpublished = {\url{https://www.r-project.org/}},
	year         = {2020}
}

@misc{github,
	author       = {{Oscar Alejandro Hernández López}},
	title        = {{Probability in R}},
	howpublished = {\url{https://github.com/oscaralejandro1907/probability-in-R/blob/master/assignment1/t1.R}},
	year         = {2020}
}


@misc{matter2017,
	author= {Ulrich Matter},
	year  = {2017},
	title = {{The Law of Large Numbers and  The Central Limit Theorem}},
	note  = {\url{https://umatter.github.io/courses/berkstats/Berkstats_LLM_CLT.html}, 
	Last accessed on 2020-11-30},
}

@article{anderson2014central,
	title={Central Limit Theorem and Its Applications to Baseball},
	author={Anderson, Nicole and Bay, Thunder},
	year={2014}
}

@book{rohlf1995statistical,
	title={Statistical tables},
	author={Rohlf, F. James and Sokal, Robert R. and others},
	year={1995},
	publisher={Macmillan}
}


