@misc{gutenberg,
	author= {Hart, Michael},
	year  = 1971,
	title = {Project {G}utenberg},
	note  = {\url{http://www.gutenberg.org/ebooks/}, 
	Last accessed on 2020-09-09},
}

@book{franklin2007autobiography,
	title={The Autobiography of Benjamin Franklin: 1706-1757},
	author={Franklin, Benjamin},
	volume={1},
	year=2007
	publisher={Regnery Publishing}
}

@misc{r,
	author       = {The R Foundation},
	title        = {{The R Project for Statistical Computing}},
	howpublished = {\url{https://www.r-project.org/}},
	year   = 2020
}

@misc{github,
	author       = {Hernandez, Oscar},
	title        = {Probability in {R}},
	howpublished = {\url{https://github.com/oscaralejandro1907/probability-in-R/blob/master/assignment1/t1.R}},
	year  = 2020
}

@article{delignette2015fitdistrplus,
	title={fitdistrplus: An R package for fitting distributions},
	author={Delignette-Muller, Marie Laure and Dutang, Christophe and others},
	journal={Journal of statistical software},
	volume={64},
	number={4},
	pages={1--34},
	year=2015
}

@book{cullen1999probabilistic,
	title={Probabilistic techniques in exposure assessment: a handbook for dealing with variability and uncertainty in models and inputs},
	author={Cullen, Alison C and Frey, H Christopher and Frey, Christopher H},
	year=1999,
	publisher={Springer Science \& Business Media}
}