@book{grinstead2012introduction,
	title={Introduction to probability},
	author={Grinstead, Charles Miller and Snell, James Laurie},
	year={2012},
	publisher={American Mathematical Soc.}
}

@misc{r,
	author       = {{The R Foundation}},
	title        = {{The R Project for Statistical Computing}},
	howpublished = {\url{https://www.r-project.org/}},
	year         = {2020}
}

@misc{github,
	author       = {{Oscar Alejandro Hernadez Lopez}},
	title        = {{Probability in R}},
	howpublished = {\url{https://github.com/oscaralejandro1907/probability-in-R/blob/master/assignment1/t1.R}},
	year         = {2020}
}