@misc{r,
	author       = {The R Foundation},
	title        = {{The R Project for Statistical Computing}},
	howpublished = {\url{https://www.r-project.org/}},
	year   = 2020
}

@misc{github,
	author       = {Hernandez, Oscar},
	title        = {Probability in {R}},
	howpublished = {\url{https://github.com/oscaralejandro1907/probability-in-R/blob/master/assignment1/t1.R}},
	year  = 2020
}


@article{box1958note,
	title={A note on the generation of random normal deviates},
	author={Box, George EP},
	journal={Ann. Math. Stat.},
	volume={29},
	pages={610--611},
	year={1958}
}

@inproceedings{l2017history,
	title={History of uniform random number generation},
	author={l'Ecuyer, Pierre},
	booktitle={Winter Simulation Conference (WSC)},
	pages={202--230},
	year={2017},
	organization={IEEE}
}

@book{knuth2014art,
	title={Art of computer programming, volume 2: Seminumerical algorithms},
	author={Knuth, Donald E},
	year={2014},
	publisher={Addison-Wesley Professional}
}