@misc{inegi_data,
	author= {INEGI},
	year  = {2020},
	title = {Datos},
	note  = {\url{https://www.inegi.org.mx/temas/igae/}, 
	Last accessed on 2020-09-05},
}


@misc{r,
	author       = {{The R Foundation}},
	title        = {{The R Project for Statistical Computing}},
	howpublished = {\url{https://www.r-project.org/}},
	year         = {2020}
}

@misc{github,
	author       = {{Oscar Alejandro Hernadez Lopez}},
	title        = {{Probability in R}},
	howpublished = {\url{https://github.com/oscaralejandro1907/probability-in-R/blob/master/assignment1/t1.R}},
	year         = {2020}
}

@misc{mvs,
	author= {Eduardo Torreblanca},
	year  = {2016},
	title = {?`{E}n qu\'e consiste el {IGAE}?},
	note  = {\url{https://mvsnoticias.com/noticias/economia/opinion-en-que-consiste-el-igae-610/}, 
	Last accessed on 2020-09-05},
}

@misc{ecured,
	author= {EcuRed},
	year  = {2019},
	title = {Pruebas estad\'isticas},
	note  = {\url{https://www.ecured.cu/Pruebas_estad%C3%ADsticas}, 
	Last accessed on 2020-10-07},
}

@misc{xlstat,
	author= {XLSTAT},
	year  = {2019},
	title = {?`{Q}u\'e es una prueba estad\'istica?},
	note  = {\url{https://help.xlstat.com/s/article/que-es-una-prueba-estadistica?language=es#:~:text=Una%20prueba%20estad%C3%ADstica%20es%20una,nula%2C%20y%20suele%20denominarse%20H0.&text=H0%20normalmente%20se%20opone%20a,alternativa%2C%20denominada%20H1%20o%20Ha}, 
	Last accessed on 2020-10-07},
}

@misc{perales2018,
	author= {Jos\'e C. Perales},
	year  = {2018},
	title = {Errores comunes en la interpretaci\'on del valor $p$},
	note  = {\url{https://masalladelpvalor.wordpress.com/2018/12/04/unidad-3-errores-comunes-en-la-interpretacion-del-valor-p/}, 
	Last accessed on 2020-10-08},
}

@misc{calculo_igae,
	author= {Instituto Nacional de Estadi\'istica y Geograf\'ia},
	year  = {2017},
	title = {Sistema de Cuentas Nacionales de {M}\'exico. {F}uentes y metodolog\'ias. A\~{n}o base 2013. {I}ndicador {G}lobal de la {A}ctividad {E}con\'omica},
	note  = {\url{https://www.inegi.org.mx/contenidos/programas/igae/2013/metodologias/SCNM_Metodo_IGAE_B2013.pdf}, 
	Last accessed on 2020-09-05},
}

@misc{selva2016,
	author= {Selva Prabhakaran},
	year  = {2016},
	title = {Statistical Tests},
	note  = {\url{http://r-statistics.co/Statistical-Tests-in-R.html}, 
	Last accessed on 2020-10-11},
}