@misc{r,
	author       = {{The R Foundation}},
	title        = {{The R Project for Statistical Computing}},
	howpublished = {\url{https://www.r-project.org/}},
	year         = {2020}
}

@misc{github,
	author       = {Hernandez Lopez, Oscar Alejandro },
	title        = {{Probability in R}},
	howpublished = {\url{https://github.com/oscaralejandro1907/probability-in-R/blob/master/assignment1/t1.R}},
	year         = {2020}
}

@book{grinstead2012introduction,
	title={Introduction to probability},
	author={Grinstead, Charles Miller and Snell, James Laurie},
	year={2012},
	publisher={American Mathematical Soc.}
}

@misc{soetewey2020,
	author= { Soetewey, Antoine},
	year  = {2020},
	title = {Chi-square test of independence in R},
	note  = {\url{https://www.statsandr.com/blog/chi-square-test-of-independence-in-r/}, 
	Last accessed on 2020-11-13},
}

@misc{yahoo,
	author= {Yahoo! Finance},
	year  = {2020},
	title = {{S}tock {M}arket {L}ive, {Q}uotes, and {B}usiness},
	note  = {\url{https://finance.yahoo.com}, 
	Last accessed on 2020-11-14},
}

@thesis{hernandez2020study,
	title={Study of {M}ixed {I}nteger {P}rogramming {M}odels for the {C}oncrete {D}elivery {P}roblem},
	author={Hern{\'a}ndez L{\'o}pez, Oscar Alejandro},
	year={2020},
	school={Universidad Aut{\'o}noma de Nuevo Le{\'o}n}
}