@book{grinstead2012introduction,
	title={Introduction to probability},
	author={Grinstead, Charles Miller and Snell, James Laurie},
	year={2012},
	publisher={American Mathematical Soc.}
}

@misc{r,
	author       = {{The R Foundation}},
	title        = {{The R Project for Statistical Computing}},
	howpublished = {\url{https://www.r-project.org/}},
	year         = {2020}
}

@misc{github,
	author       = {{Oscar Alejandro Hernandez Lopez}},
	title        = {{Probability in R}},
	howpublished = {\url{https://github.com/oscaralejandro1907/probability-in-R/blob/master/assignment1/t1.R}},
	year         = {2020}
}

@misc{github,
	author       = {{Oscar Alejandro Hernadez Lopez}},
	title        = {{Probability in R}},
	howpublished = {\url{https://github.com/oscaralejandro1907/probability-in-R/blob/master/assignment1/t1.R}},
	year         = {2020}
}

@misc{akbar2019,
	author= { Faisal Akbar},
	year  = {2019},
	title = {Data Science: Probability},
	note  = {\url{https://rstudio-pubs-static.s3.amazonaws.com/487679_4087cbd1e9f74f8b8a4ddcd7eb0de0e6.html}, 
	Last accessed on 2020-11-8},
}

@misc{hanck2020,
	author= { Christoph Hanck, Martin Arnold, Alexander Gerber, and Martin Schmelzer},
	year  = {2020},
	title = {Introduction to Econometrics with R},
	note  = {\url{https://www.econometrics-with-r.org/index.html}, 
	Last accessed on 2020-11-5},
}
